@online{whatisdocker,
  author = {Docker Inc.},
  title = {What is Docker? An open platform for distributed apps},
  year = {2015},
  url = {https://www.docker.com/whatisdocker/},
  urldate = {2015-06-10}
  }

@online{nss,
  author = {GNU},
  title = {System Databases and Name Service Switch},
  year = {2015},
  url = {http://www.gnu.org/software/libc/manual/html_node/Name-Service-Switch.html#Name-Service-Switch},
  urldate = {2015-06-18},
  }

@unpublished{onlineta,
  author = {Oleksandr Sturmov},
  title = {OnlineTA},
  year = {2014},
  titleaddon = {Master Project}
  }

@manual{cap7,
title = {capabilities(7)},
author = {The linux man pages project},
editor = "",
date={2015-05-07},
url={http://man7.org/linux/man-pages/man7/capabilities.7.html}
}
